@misc{WAM,
    howpublished={\url{http://wambook.sourceforge.net/wambook.pdf}},
    author={Hassan Ait-Kaci},
    title={Warren's Abstract Machine},
    year={1999},
    url={http://wambook.sourceforge.net/wambook.pdf}
}

@misc{instructions,
	
    howpublished={\url{http://www.ai.sri.com/pubs/files/641.pdf}},
    author={David H.D. Warren},
    title={An abstract Prolog instruction set},
    year={1983},
    url={http://www.ai.sri.com/pubs/files/641.pdf}
}
